<?xml version="1.0" encoding="UTF-8"?><collection xmlns="http://www.loc.gov/MARC21/slim"><record><leader>00407nam--2200157-i-4500</leader><controlfield tag="001">000011707</controlfield><controlfield tag="002">20161230</controlfield><controlfield tag="005">20170113185442</controlfield><controlfield tag="008">060222s1000------------r-----000-0-eng-d</controlfield><datafield ind1=" " ind2=" " tag="080"><subfield code="a">007(047)</subfield></datafield><datafield ind1=" " ind2=" " tag="100"><subfield code="a">Ciplea, Licinius I</subfield></datafield><datafield ind1=" " ind2=" " tag="245"><subfield code="a">A sketch of an information mechanics</subfield></datafield><datafield ind1=" " ind2=" " tag="260"><subfield code="a">Bucuresti</subfield><subfield code="b">Institute Of Atomic Physics</subfield><subfield code="c">1976</subfield></datafield><datafield ind1=" " ind2=" " tag="300"><subfield code="a">82-98 p</subfield></datafield><datafield ind1=" " ind2=" " tag="852"><subfield code="a">43174</subfield></datafield><datafield ind1=" " ind2=" " tag="CAT"><subfield code="a">SYS</subfield><subfield code="c">20170113</subfield><subfield code="h">185442</subfield></datafield></record></collection>